@misc{MonitoringAndProtectingSSHSessionsWithEBPF:DBIR,
    author = {Verizon},
    title = {{Data breach investigations report (DBIR)}},
    howpublished = {\url{https://enterprise.verizon.com/resources/reports/2020-data-breach-investigations-report.pdf}},
    year = {2020},
}

@misc{MonitoringAndProtectingSSHSessionsWithEBPF:Ext4,
    author = {IOVisor},
    title = {{Summarize ext4 operation latency distribution as a histogram}},
    howpublished = {\url{https://github.com/iovisor/bcc/blob/master/tools/ext4dist.py}},
}

@misc{MonitoringAndProtectingSSHSessionsWithEBPF:Ubuntu2FA,
    author = {Ubuntu},
    title = {{Configure SSH to use two-factor authentication}},
    howpublished = {\url{https://ubuntu.com/tutorials/configure-ssh-2fa}},
}

@misc{MonitoringAndProtectingSSHSessionsWithEBPF:Twitter,
    author = {Brian Barrett},
    title = {{How Twitter CEO Jack Dorsey's Account Was Hacked}},
    howpublished = {\url{https://www.wired.com/story/jack-dorsey-twitter-hacked}},
    year = {2020},
}

@misc{MonitoringAndProtectingSSHSessionsWithEBPF:MITRE,
    author = {MITRE},
    title = {{Sim card swap}},
    howpublished = {\url{https://attack.mitre.org/techniques/T1451}},
}

@misc{MonitoringAndProtectingSSHSessionsWithEBPF:Proofpoint,
    author = {Or Safran and Itir Clarke},
    title = {{New Vulnerabilities Bypass Multi-Factor Authentication for Microsoft 365}},
    howpublished = {\url{https://www.proofpoint.com/us/blog/cloud-security/new-vulnerabilities-bypass-multi-factor-authentication-microsoft-365}},
    year = {2020},
}

@misc{MonitoringAndProtectingSSHSessionsWithEBPF:WSTrust,
    author = {OASIS},
    title = {{WS-Trust 1.4}},
    howpublished = {\url{http://docs.oasis-open.org/ws-sx/ws-trust/v1.4/ws-trust.html}},
    year = {2012},
}

@misc{MonitoringAndProtectingSSHSessionsWithEBPF:Titan,
    author = {Victor Lomne and Thomas Roche},
    title = {{A side journey to Titan}},
    howpublished = {\url{https://ninjalab.io/wp-content/uploads/2021/01/a_side_journey_to_titan.pdf}},
    year = {2021},
}

@misc{MonitoringAndProtectingSSHSessionsWithEBPF:Chrome,
    author = {Andy Greenberg},
    title = {{Chrome lets hackers phish even “Unphishable” Yubikey users}},
    howpublished = {\url{https://www.wired.com/story/chrome-yubikey-phishing-webusb}},
    year = {2018},
}

@misc{MonitoringAndProtectingSSHSessionsWithEBPF:GoDaddy,
    author = {Davey Winder},
    title = {{GoDaddy Confirms Data Breach: What Customers Need To Know}},
    howpublished = {\url{https://www.forbes.com/sites/daveywinder/2020/05/05/godaddy-confirms-data-breach-what-19-million-customers-need-to-know}},
    year = {2020},
}

@misc{MonitoringAndProtectingSSHSessionsWithEBPF:KernelCapabilities,
    author = {Linux},
    title = {{Kernel capabilities man pages}},
    howpublished = {\url{https://man7.org/linux/man-pages/man7/capabilities.7.html}},
}

@misc{MonitoringAndProtectingSSHSessionsWithEBPF:SSHProbe,
    author = {Guillaume Fournier},
    title = {{ssh-probe source code}},
    howpublished = {\url{https://github.com/Gui774ume/ssh-probe}},
    year = {2021},
}

@article{MonitoringAndProtectingSSHSessionsWithEBPF:BrendanGregg,
    author = {Brendan Gregg},
    title = {{BPF Performance Tools: Linux System and Application Observability}},
    year = {December 2019}
}

@misc{MonitoringAndProtectingSSHSessionsWithEBPF:SSH,
    author = {IETF},
    title = {{SSH protocol architecture}},
    howpublished = {\url{https://tools.ietf.org/html/rfc4251}},
}

@misc{MonitoringAndProtectingSSHSessionsWithEBPF:Facebook,
    author = {Marlon Dutra},
    title = {{Scalable and secure access with SSH}},
    howpublished = {\url{https://engineering.fb.com/2016/09/12/security/scalable-and-secure-access-with-ssh}},
    year = {2016},
}

@misc{MonitoringAndProtectingSSHSessionsWithEBPF:Chef,
    author = {Chef},
    title = {{Chef Infrastructure Automation}},
    howpublished = {\url{https://www.chef.io/products/chef-infra}},
}

@misc{MonitoringAndProtectingSSHSessionsWithEBPF:Ansible,
    author = {Red Hat Software},
    title = {{Ansible IT automation}},
    howpublished = {\url{https://github.com/ansible/ansible}},
}

@article{MonitoringAndProtectingSSHSessionsWithEBPF:LorenzoDavid,
    author = {Lorenzo Fontana and David Calavera},
    title = {{Linux Observability with BPF}},
    year = {November 2019}
}

@misc{MonitoringAndProtectingSSHSessionsWithEBPF:Kprobes,
    author = {Linux},
    title = {{Kprobe documentation}},
    howpublished = {\url{https://www.kernel.org/doc/Documentation/kprobes.txt}},
}

@misc{MonitoringAndProtectingSSHSessionsWithEBPF:Tracepoints,
    author = {Linux},
    title = {{Tracepoint Documentation}},
    howpublished = {\url{https://www.kernel.org/doc/html/latest/trace/tracepoints.html}},
}

@misc{MonitoringAndProtectingSSHSessionsWithEBPF:Uprobes,
    author = {Linux},
    title = {{Uprobe Documentation}},
    howpublished = {\url{https://www.kernel.org/doc/Documentation/trace/uprobetracer.txt}},
}

@article{MonitoringAndProtectingSSHSessionsWithEBPF:NSP,
    author = {Guillaume Fournier},
    title = {{Process level network security monitoring and enforcement with eBPF}},
    journal = {SSTIC},
    year = {2020}
}

@misc{MonitoringAndProtectingSSHSessionsWithEBPF:Profile,
    author = {Guillaume Fournier},
    title = {{ssh-probe profile example}},
    howpublished = {\url{https://github.com/Gui774ume/ssh-probe/blob/c7364d7eef0a76bc67e35ff3d85768467862a99d/profiles/vagrant.yaml}},
    year = {2021}
}

@misc{MonitoringAndProtectingSSHSessionsWithEBPF:OverrideReturn,
    author = {Jonathan Corbet},
    title = {{BPF-based error injection for the kernel}},
    howpublished = {\url{https://lwn.net/Articles/740146/}},
    year = {2017}
}

@misc{MonitoringAndProtectingSSHSessionsWithEBPF:KRSI,
    author = {KP Singh},
    title = {{Kernel Runtime Security Instrumentation}},
    howpublished = {\url{https://lwn.net/Articles/798918}},
    year = {2019},
}
