@misc{RuntimeSecurityMonitoringWithEBPF:CNCF,
    author = {Cloud Native Computing Foundation (CNCF)},
    title = {{CNCF Survey 2020}},
    howpublished = {\url{https://www.cncf.io/wp-content/uploads/2020/11/CNCF_Survey_Report_2020.pdf}},
    year = {2020},
}

@article{RuntimeSecurityMonitoringWithEBPF:DevopsWithK8s,
    author = {John Arundel and Justin Domingus},
    title = {{Cloud Native DevOps with Kubernetes}},
    year = {March 2019}
}

@misc{RuntimeSecurityMonitoringWithEBPF:PCI,
    author = {Payment Card Industry (PCI)},
    title = {{PCI security standards}},
    howpublished = {\url{https://www.pcisecuritystandards.org/documents/Prioritized-Approach-for-PCI_DSS-v3_2.pdf}},
    year = {2019},
}

@misc{RuntimeSecurityMonitoringWithEBPF:GOAudit,
    author = {Slack},
    title = {{go-audit project source code}},
    howpublished = {\url{https://github.com/slackhq/go-audit}},
    year = {2016},
}

@misc{RuntimeSecurityMonitoringWithEBPF:LinuxAudit,
    author = {Linux},
    title = {{Linux Audit Documentation}},
    howpublished = {\url{https://github.com/linux-audit/audit-documentation/wiki}},
}

@misc{RuntimeSecurityMonitoringWithEBPF:Wazuh,
    author = {Wazuh},
    title = {{Wazuh runtime detection source code}},
    howpublished = {\url{https://github.com/wazuh/wazuh}},
}

@misc{RuntimeSecurityMonitoringWithEBPF:AuditBeat,
    author = {Elastic},
    title = {{Auditbeat File Integrity Module source code}},
    howpublished = {\url{https://github.com/elastic/beats/tree/master/auditbeat/module/file_integrity}},
}

@misc{RuntimeSecurityMonitoringWithEBPF:FilesystemNotification,
    author = {Michael Kerrisk},
    title = {{Filesystem Notification}},
    howpublished = {\url{https://lwn.net/Articles/604686}},
    year = {2014},
}

@misc{RuntimeSecurityMonitoringWithEBPF:Fanotify,
    author = {Linux},
    title = {{Fanotify manual page}},
    howpublished = {\url{https://man7.org/linux/man-pages/man7/fanotify.7.html}},
}

@misc{RuntimeSecurityMonitoringWithEBPF:KprobeDocumentation,
    author = {Linux},
    title = {{Kprobe documentation}},
    howpublished = {\url{https://www.kernel.org/doc/Documentation/kprobes.txt}},
}

@misc{RuntimeSecurityMonitoringWithEBPF:GOAuditContainerID,
    author = {Slack},
    title = {{go-audit procfs fallback to resolve a container ID}},
    howpublished = {\url{https://github.com/slackhq/go-audit/blob/d3dd09bab49077bb4f6998609acbed71fb659fdd/extras_containers_capsule8.go}},
}

@misc{RuntimeSecurityMonitoringWithEBPF:Graboid,
    author = {Palo Alto Networks},
    title = {{Graboid crypto jacking worm}},
    howpublished = {\url{https://unit42.paloaltonetworks.com/graboid-first-ever-cryptojacking-worm-found-in-images-on-docker-hub}},
}

@misc{RuntimeSecurityMonitoringWithEBPF:KprobeInterface,
    author = {Linux},
    title = {{Kprobe Interface source code}},
    howpublished = {\url{https://elixir.bootlin.com/linux/v5.11.3/source/kernel/trace/trace_probe.c#L551}},
}

@misc{RuntimeSecurityMonitoringWithEBPF:VerifierScalability,
    author = {Alexei Starovoitov},
    title = {{BPF: Improve verifier scalability}},
    howpublished = {\url{https://lwn.net/Articles/784571}},
    year = {2019},
}

@article{RuntimeSecurityMonitoringWithEBPF:NSP,
    author = {Guillaume Fournier},
    title = {{Process level network security monitoring and enforcement with eBPF}},
    journal = {SSTIC},
    year = {2020}
}

@misc{RuntimeSecurityMonitoringWithEBPF:VirtualMachine,
    author = {Jonathan Corbet},
    title = {{BPF: the universal in-kernel virtual machine}},
    howpublished = {\url{https://lwn.net/Articles/599755}},
    year = {2014},
}

@misc{RuntimeSecurityMonitoringWithEBPF:Firewall,
    author = {Jonathan Corbet},
    title = {{BPF comes to firewalls}},
    howpublished = {\url{https://lwn.net/Articles/747551}},
    year = {2018},
}

@misc{RuntimeSecurityMonitoringWithEBPF:KRSI,
    author = {KP Singh},
    title = {{Kernel Runtime Security Instrumentation}},
    howpublished = {\url{https://lwn.net/Articles/798918}},
    year = {2019},
}

@misc{RuntimeSecurityMonitoringWithEBPF:SecurityModule,
    author = {Jonathan Corbet},
    title = {{Writing your own security module}},
    howpublished = {\url{https://lwn.net/Articles/674949}},
    year = {2016},
}

@misc{RuntimeSecurityMonitoringWithEBPF:Loops,
    author = {Marta Rybczy≈Ñska},
    title = {{Bounded loops in eBPF}},
    howpublished = {\url{https://lwn.net/Articles/794934}},
    year = {2019},
}

@misc{RuntimeSecurityMonitoringWithEBPF:CORE,
    author = {Facebook},
    title = {{Compile Once - Run Everywhere}},
    howpublished = {\url{https://facebookmicrosites.github.io/bpf/blog/2020/02/19/bpf-portability-and-co-re.html}},
    year = {2020},
}

@misc{RuntimeSecurityMonitoringWithEBPF:BTF,
    author = {Linux},
    title = {{BTF type format}},
    howpublished = {\url{https://www.kernel.org/doc/html/latest/bpf/btf.html}},
}

@misc{RuntimeSecurityMonitoringWithEBPF:OpenByHandleAt,
    author = {Linux},
    title = {{open\_by\_handle\_at syscall manual page}},
    howpublished = {\url{https://man7.org/linux/man-pages/man2/open_by_handle_at.2.html}},
}

@misc{RuntimeSecurityMonitoringWithEBPF:IOUring,
    author = {Linux},
    title = {{io\_uring\_enter syscall manual page}},
    howpublished = {\url{https://manpages.debian.org/unstable/liburing-dev/io_uring_enter.2.en.html}},
}

@misc{RuntimeSecurityMonitoringWithEBPF:Tracepoints,
    author = {Linux},
    title = {{Tracepoint Documentation}},
    howpublished = {\url{https://www.kernel.org/doc/html/latest/trace/tracepoints.html}},
}

@misc{RuntimeSecurityMonitoringWithEBPF:Perf,
    author = {Linux},
    title = {{perf: Linux profiling with performance counters}},
    howpublished = {\url{https://perf.wiki.kernel.org/index.php/Main_Page}},
}

@misc{RuntimeSecurityMonitoringWithEBPF:Dentry,
    author = {Linux},
    title = {{Dentry structure definition in the Linux kernel}},
    howpublished = {\url{https://elixir.bootlin.com/linux/latest/ident/dentry}},
}

@misc{RuntimeSecurityMonitoringWithEBPF:Inode,
    author = {Linux},
    title = {{Inode structure definition in the Linux kernel}},
    howpublished = {\url{https://elixir.bootlin.com/linux/latest/ident/inode}},
}

@misc{RuntimeSecurityMonitoringWithEBPF:DatadogAgent,
    author = {Datadog},
    title = {{Datadog Runtime Security Agent source code}},
    howpublished = {\url{https://github.com/DataDog/datadog-agent}},
}

@misc{RuntimeSecurityMonitoringWithEBPF:DatadogEBPFLib,
    author = {Datadog},
    title = {{Datadog eBPF library}},
    howpublished = {\url{https://github.com/DataDog/ebpf/blob/ea64821c979335c97a9c935bafaf3981828ba0e9/manager/manager.go#L158}},
}

@misc{RuntimeSecurityMonitoringWithEBPF:Falco,
    author = {Sysdig},
    title = {{The Falco Project}},
    howpublished = {\url{https://falco.org/}},
}

@misc{RuntimeSecurityMonitoringWithEBPF:SecurityAgentPolicies,
    author = {Datadog},
    title = {{Datadog Runtime Security Agent default policies}},
    howpublished = {\url{https://github.com/DataDog/security-agent-policies/blob/master/runtime/default.policy}},
}

@article{RuntimeSecurityMonitoringWithEBPF:BrendanGregg,
    author = {Brendan Gregg},
    title = {{BPF Performance Tools: Linux System and Application Observability}},
    year = {December 2019}
}

@article{RuntimeSecurityMonitoringWithEBPF:LorenzoDavid,
    author = {Lorenzo Fontana and David Calavera},
    title = {{Linux Observability with BPF}},
    year = {November 2019}
}

@misc{RuntimeSecurityMonitoringWithEBPF:SignedBPF,
    author = {Jonathan Corbet},
    title = {{Toward signed BPF programs}},
    howpublished = {\url{https://lwn.net/Articles/853489}},
    year = {2019},
}
